<record><leader>00000cas a2200000 a 4500</leader><controlfield tag="001">12362754</controlfield><controlfield tag="008">850808d18791909ksuwr ne      0    0eng d</controlfield><datafield ind1=" " ind2=" " tag="010"><subfield code="a">sn 85031740 </subfield></datafield><datafield ind1=" " ind2=" " tag="040"><subfield code="a">KSH</subfield><subfield code="b">eng</subfield><subfield code="c">KSH</subfield><subfield code="d">NPT</subfield><subfield code="d">OCL</subfield><subfield code="d">KRTAS</subfield><subfield code="d">OCLCQ</subfield></datafield><datafield ind1=" " ind2=" " tag="042"><subfield code="a">msc</subfield></datafield><datafield ind1="0" ind2=" " tag="130"><subfield code="a">Kansas agriculturist (Wamego, Kan.)</subfield></datafield><datafield ind1="1" ind2="4" tag="245"><subfield code="a">The Kansas agriculturist.</subfield></datafield><datafield ind1="1" ind2="3" tag="246"><subfield code="a">Kansas agriculturalist</subfield><subfield code="f">Feb. 22-Mar. 1, 1879</subfield></datafield><datafield ind1="3" ind2="0" tag="246"><subfield code="a">Agriculturist</subfield><subfield code="f">Sept. 28-30, 1881</subfield></datafield><datafield ind1=" " ind2=" " tag="260"><subfield code="a">Wamego, Kan. :</subfield><subfield code="b">J.E. Clardy,</subfield><subfield code="c">1879-1909.</subfield></datafield><datafield ind1=" " ind2=" " tag="300"><subfield code="a">31 v. :</subfield><subfield code="b">ill. ;</subfield><subfield code="c">50 cm.</subfield></datafield><datafield ind1=" " ind2=" " tag="310"><subfield code="a">Weekly,</subfield><subfield code="b">Nov. 22, 1889-Dec. 30, 1909</subfield></datafield><datafield ind1=" " ind2=" " tag="321"><subfield code="a">Weekly,</subfield><subfield code="b">Feb. 22, 1879-June 21, 1889</subfield></datafield><datafield ind1=" " ind2=" " tag="321"><subfield code="a">Monthly,</subfield><subfield code="b">July-Oct. 1889</subfield></datafield><datafield ind1="0" ind2=" " tag="362"><subfield code="a">Vol. 1, no. 1 (Feb. 22, 1879)-v. 31, no. 27 (Dec. 30, 1909).</subfield></datafield><datafield ind1=" " ind2=" " tag="500"><subfield code="a">Publisher varies.</subfield></datafield><datafield ind1=" " ind2=" " tag="500"><subfield code="a">Published as a daily during the Pottawatomie County Fair, 1881, called: Agriculturist.</subfield></datafield><datafield ind1=" " ind2=" " tag="580"><subfield code="a">Issued also in a weekly edition called: Weekly Wamegan, June-Nov., 1889; issued also in a daily edition called: Daily Wamegan, June-Nov., 1889.</subfield></datafield><datafield ind1="1" ind2=" " tag="775"><subfield code="t">Weekly Wamegan</subfield><subfield code="w">(DLC)sn 85031738</subfield></datafield><datafield ind1="1" ind2=" " tag="775"><subfield code="t">Daily Wamegan</subfield><subfield code="w">(DLC)sn 85031737</subfield></datafield><datafield ind1="0" ind2="5" tag="780"><subfield code="t">Weekly Wamegan</subfield><subfield code="g">Nov. 1889</subfield><subfield code="w">(DLC)sn 85031738</subfield></datafield><datafield ind1="0" ind2="5" tag="780"><subfield code="t">Kansas reporter</subfield><subfield code="g">Nov. 1889</subfield><subfield code="w">(OCoLC)11368534</subfield></datafield><datafield ind1="0" ind2="5" tag="780"><subfield code="t">Daily Wamegan</subfield><subfield code="g">Nov. 1889</subfield><subfield code="w">(DLC)sn 85031737</subfield></datafield><datafield ind1="0" ind2="0" tag="785"><subfield code="t">Wamego reporter</subfield><subfield code="w">(DLC)sn 85031741</subfield></datafield><datafield ind1=" " ind2=" " tag="938"><subfield code="a">Kirtas Technologies, Inc.</subfield><subfield code="b">KRTS</subfield><subfield code="n">944793</subfield></datafield></record>